1774 3100
112 192 191 235 228
438 193 740 234 CORNELII
767 195 836 233 TA
846 195 975 235 CITI
999 195 1341 236 ANNALIUM

1409 201 1470 244 [A.
1480 205 1574 239 U.c.
1597 202 1670 245 768·

109 308 296 360 pretium
331 308 411 350 fuit
441 315 687 351 convertere
717 321 886 361 agmen,
918 315 1243 362 pugnatumque
1275 309 1319 350 in
1350 309 1597 359 obsidentis,
1629 313 1673 348 et

111 383 282 429 ereptus
304 376 507 430 Segestes
534 390 693 430 magna
723 390 821 418 cum
847 377 1185 430 propinquorum
1209 383 1253 418 et
1283 376 1502 418 clientium
1531 388 1673 417 manu.

109 445 277 486 inerant
298 445 484 486 feminae
506 445 682 493 nobiles,
705 444 815 485 inter
835 458 941 497 quas
970 458 1081 485 uxor
1100 444 1286 485 Arminii
1318 446 1556 498 eademque
1586 445 1674 486 filia
1691 447 1716 479 5

112 512 315 567 Segestis,
350 513 491 555 mariti
527 513 665 566 ma'gis
697 525 828 566 quam
861 513 1049 566 parentis
1088 513 1245 563 animo,
1280 527 1421 566 neque
1455 514 1592 554 evicta
1630 513 1674 553 in

74 590 91 621 5
109 581 307 622 lacrimas
338 595 477 634 neque
506 594 612 622 voce
641 580 838 633 supplex,
869 581 1125 634 compressis
1160 581 1272 622 intra
1306 581 1446 622 sinum
1477 581 1673 623 manibus

109 650 335 703 gravidum
357 655 525 690 uterum
547 649 727 689 intuens.
788 647 1034 689 ferebantur
1061 654 1105 690 et
1133 648 1271 702 spolia
1290 649 1502 690 Varianae
1526 650 1672 700 cladis,
1690 651 1716 684 6

108 717 324 770 plerisque
349 731 494 758 eorum
516 717 588 769 qui
609 723 702 758 tum
730 716 772 756 in
794 715 1060 757 deditionem
1081 716 1314 758 veniebant
1340 718 1525 770 praedae
1546 718 1672 758 data:

108 785 236 826 simul
273 785 476 839 Segestes
512 785 614 838 ipse,
649 784 801 838 ingens
831 784 923 825 visu
960 790 1004 826 et
1039 785 1247 825 memoria
1279 785 1421 827 bonae
1457 786 1674 828 societatis

109 853 349 907 inpavidus.

166 924 245 966 58.
275 921 423 962 Verba
447 921 536 962 eius
562 921 606 961 in
634 919 749 961 hunc
773 920 952 961 modum
975 920 1118 963 suere:
1151 925 1161 943 ‘
1178 935 1264 963 non
1290 921 1360 964 hic
1385 921 1489 963 mihi
1509 923 1673 976 primus
1689 926 1711 960 1

109 1002 211 1043 erga
243 989 453 1042 populum
489 989 739 1029 Romanum
773 988 874 1029 fidei
908 994 951 1029 et
985 989 1251 1031 constantiae
1284 990 1389 1032 dies.
1449 1004 1505 1032 ex
1532 1004 1618 1044 quo
1648 997 1717 1031 a2

108 1058 208 1098 divo
224 1058 429 1111 Augusto
451 1058 623 1099 civitate
645 1057 831 1098 donatus
852 1070 959 1107 sum,
980 1058 1140 1098 amicos
1161 1059 1440 1112 inimicosque
1455 1073 1512 1099 ex
1524 1059 1674 1100 vestris

109 1122 366 1168 utilitatibus
387 1125 541 1179 delegi,
571 1139 713 1178 neque
744 1125 846 1166 odio
875 1126 1040 1178 patriae
1069 1123 1248 1181 (quippe
1277 1129 1518 1181 proditores
1542 1128 1674 1169 etiam

108 1194 159 1235 iis
175 1208 282 1248 quos
306 1198 575 1247 anteponunt
599 1192 721 1234 invisi
746 1191 876 1248 sunt),
898 1207 1046 1234 verum
1077 1195 1177 1247 quia
1198 1195 1407 1237 Romanis
1430 1195 1674 1237 Germanis-

27 1277 88 1308 ..ηε
108 1277 193 1316 que
222 1263 338 1303 idem
367 1262 607 1303 conducere
638 1267 683 1302 et
718 1274 869 1314 pacem
902 1274 1033 1314 quam
1068 1262 1229 1304 bellum
1263 1263 1511 1317 probabam.
1572 1271 1717 1317 ergo3

108 1338 326 1384 raptorem
347 1329 462 1371 filiae
484 1343 620 1378 meae,
639 1329 894 1371 violatorem
915 1330 1099 1371 foederis
1118 1331 1260 1380 vestri,
1288 1331 1537 1372 Arminium
1557 1332 1674 1385 apud

106 1400 284 1448 Varum,
308 1399 380 1452 qui
411 1405 505 1439 tum
536 1398 744 1439 exercitui
775 1398 1060 1451 praesidebat,
1091 1412 1211 1439 reum
1239 1399 1332 1441 feci.
1392 1399 1550 1442 dilatus
1580 1410 1719 1454 seg-4

108 1468 215 1509 nitia
236 1467 367 1518 ducis,
389 1466 489 1520 quia
510 1479 664 1519 parum
692 1466 895 1519 praesidii
923 1467 965 1510 in
990 1467 1155 1520 legibus
1180 1474 1283 1516 erat,
1305 1473 1353 1509 ut
1374 1475 1444 1508 me
1464 1475 1507 1510 et
1527 1468 1676 1509 Armi-

108 1537 227 1576 nium
249 1541 292 1576 et
313 1535 505 1576 conscios
531 1534 715 1576 vinciret,
740 1533 955 1587 flagitavi:
986 1535 1109 1576 testis
1138 1534 1213 1575 illa
1242 1549 1343 1585 nox,
1376 1535 1480 1577 mihi
1510 1538 1674 1578 utinam

109 1604 252 1658 potius
274 1602 531 1644 novissima!
562 1615 674 1655 quae
703 1607 852 1643 secuta
882 1609 993 1651 sunt,
1017 1603 1163 1646 defleri
1192 1604 1330 1657 magis
1350 1597 1481 1658 quam
1502 1605 1674 1646 defendi
1691 1611 1718 1645 5
1768 1616 1772 1619 ’

106 1677 314 1726 possunt:
347 1678 536 1722 ceterum
572 1675 616 1711 et
652 1670 775 1711 inieci
808 1676 981 1711 catenas
1013 1670 1214 1712 Arminio
1247 1678 1292 1712 et
1323 1686 1349 1713 a
1374 1672 1561 1713 factione
1585 1674 1675 1713 eius
1769 1664 1771 1666 ³

107 1741 285 1782 iniectas
305 1752 533 1793 perpessus
553 1752 663 1780 sum.
706 1744 839 1792 atque
859 1739 931 1780 ubi
952 1739 1139 1792 primum
1158 1740 1222 1780 tui
1243 1739 1535 1793 copia,vetera
1554 1741 1718 1782 novise

52 934 91 956 10

50 1622 90 1644 20

107 1919 169 1950 lias
183 1915 329 1950 traiecti‘
347 1917 414 1959 (12.
434 1926 483 1958 39,
503 1917 548 1957 4),
564 1927 599 1949 as
614 1917 761 1958 showing
775 1917 858 1954 that,

106 1960 233 2003 though
262 1971 337 1993 now
365 1960 506 2002 peopled
532 1961 576 2001 by
601 1960 771 1998 Germans,
797 1960 861 1992 this

106 2005 176 2036 side
201 2004 239 2036 of
258 2004 313 2035 the
335 2004 442 2035 Rhine
464 2013 530 2035 was
554 2003 623 2036 still
646 2002 802 2044 regarded
826 2013 861 2035 as

108 2047 218 2080 Gallie
234 2047 307 2079 soil.

154 2099 181 2122 1.
217 2091 389 2127 pretium.
447 2088 528 2121 This
565 2089 790 2122 abbreviation
827 2088 867 2121 of

108 2137 247 2174 ‘operae
270 2131 428 2174 pretium’
453 2133 499 2172 (2.
524 2140 573 2172 35,
595 2141 608 2163 1
628 2143 636 2170 ς
663 2132 708 2164 H.
725 2142 755 2173 3.
779 2133 809 2169 8,
826 2132 860 2172 2)

108 2186 246 2218 appears
261 2179 295 2207 to
312 2185 409 2207 occur
423 2175 455 2206 in
472 2175 606 2206 Tacitus
622 2174 727 2207 alone.

151 2222 375 2251 convertere.
434 2218 489 2249 He
512 2228 578 2249 was
609 2218 643 2249 in
676 2221 793 2250 retreat
825 2221 861 2249 to

108 2262 164 2293 the
190 2262 296 2293 Rhine
320 2262 362 2300 (c.
388 2259 439 2301 56,
462 2260 508 2300 6),
530 2260 593 2291 and
614 2260 736 2292 wheels
757 2260 862 2292 round

108 2305 208 2347 again
222 2309 258 2336 to
272 2314 363 2336 some
379 2304 472 2345 point
487 2303 522 2334 in
537 2303 593 2335 the
610 2302 750 2344 enemy's
765 2314 861 2335 coun-

124 2358 183 2423 ΨΩ.
195 2391 399 2422 elientium.
429 2389 482 2421 On
494 2388 576 2420 the‘
586 2387 779 2421 comitatus’
793 2389 832 2420 of
841 2399 863 2420 a

111 2434 252 2466 German
269 2432 593 2473 prince‚cp.G.13;
618 2441 668 2473 14.

154 2485 184 2516 3.
206 2485 312 2513 uxor,
339 2479 419 2507 etc.:
455 2485 504 2515 cp.
536 2485 563 2506 c.
592 2482 643 2515 55,
668 2484 699 2515 4.
743 2475 862 2507 Strabo

111 2519 199 2557 (1.1.)
214 2518 304 2560 gives
318 2517 377 2550 her
387 2528 482 2549 name
498 2528 533 2548 as
550 2516 740 2555 Θοίισνελδα,
754 2517 862 2549 which

110 2563 239 2596 Grimm
263 2560 364 2601 (cited
384 2560 429 2601 by
444 2560 563 2600 Orelli)
588 2560 679 2592 takes
701 2564 737 2592 to
753 2560 794 2592 be
815 2560 862 2591 in-

109 2604 228 2638 tended
263 2604 313 2635 for
344 2603 551 2641 Thurshssda,
585 2603 794 2642 Thusshilda,
826 2613 864 2634 or

108 2646 351 2679 Thursinhilda.

154 2701 185 2731 4.
208 2691 333 2721 mariti
353 2712 362 2721 .
380 2713 387 2722 .
405 2713 413 2721 .
437 2690 571 2720 animo.
616 2689 719 2730 Nipp.
735 2693 827 2721 notes
842 2700 863 2721 a

111 2733 236 2764 similar
261 2732 380 2773 genic,
393 2731 576 2772 depending
602 2742 644 2763 on
670 2742 711 2762 an
737 2732 802 2763 abl.
829 2731 868 2763 of

111 2775 245 2850 3:33¹}
256 2774 369 2858 ,Ἢ
386 2774 527 2858 (ζέέεῖε
541 2774 671 2855 ξὲἒέἓῖῗ
691 2774 814 2806 ”¹³¹³OE
827 2775 860 2815 '³’

230 2841 238 2850 .
279 2841 286 2848 .
323 2841 332 2857 ,
676 2842 683 2849 .

155 2863 278 2894 evicta
305 2862 346 2891 in
364 2861 546 2892 lacrimas.
578 2860 630 2891 On
654 2859 721 2892 this
744 2870 800 2892 use
827 2859 866 2892 of

116 2903 190 2944 ‘inf
208 2913 259 2946 cp.
275 2902 397 2936 Introd.
412 2913 442 2936 v.
461 2906 477 2943 5
495 2902 536 2935 60
552 2902 584 2934 b.

969 1917 999 1951 8.
1021 1920 1140 1950 bonae
1170 1920 1367 1955 societatis,
1396 1918 1552 1951 ‘alliance
1580 1919 1675 1951 faith-

927 1960 1010 2002 fully
1022 1961 1125 2003 kept‚'
1139 1961 1206 1993 like
1222 1966 1229 1978 ‘
1240 1961 1327 1993 bona
1341 1961 1439 1997 fides,’
1455 1967 1515 1994 etc.

973 2013 985 2035 1
994 2013 1021 2036 ².
1033 2006 1184 2036 civitate
1194 2006 1360 2036 donatus.
1388 2005 1440 2036 On
1453 2005 1508 2036 the
1520 2005 1676 2045 bestowal

927 2046 966 2078 os
990 2047 1046 2078 the
1069 2051 1076 2064 ‘
1093 2046 1207 2080 civitas
1222 2046 1230 2059 '
1261 2047 1305 2088 by
1333 2048 1388 2079 the
1424 2048 1582 2089 princeps,
1620 2059 1676 2080 see

927 2090 1051 2121 Introd.
1073 2090 1116 2122 vi.
1142 2101 1174 2132 p.
1193 2095 1254 2131 733
1277 2090 1471 2127 Mommsen,
1487 2090 1625 2123 Staatsr.
1638 2091 1672 2124 ii.

926 2143 960 2175 P
970 2133 1072 2212 egx⁵‚5‘'
1046 2175 1096 2206 ‘in
1122 2174 1319 2207 accordance
1339 2176 1442 2213 with;

927 2221 983 2250 to‘
997 2228 1036 2250 ex
1053 2217 1230 2254 sententia?
1248 2221 1304 2250 ‘ex
1318 2229 1416 2251 more
1420 2218 1504 2251 'etc.

974 2269 1022 2300 15.
1044 2263 1257 2299 conducere,
1290 2271 1334 2293 sc.
1360 2260 1585 2300 ‘iudicabamss
1602 2271 1676 2302 sup-

928 2304 1018 2345 plied
1038 2304 1083 2353 by
1097 2313 1233 2353 zeugma
1255 2303 1366 2335 from‘
1376 2303 1576 2346 probabam?
1622 2305 1676 2336 On

928 2347 983 2378 the
1005 2346 1160 2378 omission
1184 2346 1248 2377 of‘
1260 2346 1384 2388 magis'
1407 2348 1549 2380 before‘
1559 2345 1675 2389 quam?

927 2400 978 2431 cp.
994 2389 1119 2421 Introd.
1135 2399 1165 2420 v.
1183 2388 1269 2430 §64

973 2432 1021 2463 16.
1037 2435 1247 2468 raptorem.
1289 2435 1540 2465 ‚violator-em.
1570 2433 1674 2466 These

927 2475 1069 2516 poetical
1090 2475 1197 2506 words
1219 2485 1274 2507 are
1295 2476 1402 2508 suited
1418 2481 1453 2508 to
1468 2487 1487 2507 a
1503 2475 1675 2508 rhetorical

928 2528 1076 2592 plassag,
1026 2528 1076 2559 ge,
1100 2518 1156 2549 the
1178 2518 1296 2550 former
1321 2519 1420 2560 being
1445 2519 1521 2550 thus
1542 2519 1621 2551 used
1642 2518 1677 2550 in
1741 2516 1771 2550 ’ἑ

961 2561 1003 2592 ell
1032 2570 1060 2593 2.
1078 2566 1127 2600 27,
1148 2569 1187 2598 ις
1210 2560 1265 2592 the
1278 2561 1398 2593 latter
1389 2571 1423 2592 m
1439 2562 1510 2594 Liv.
1528 2573 1558 2600 4.
1578 2570 1626 2603 19,
1645 2570 1675 2602 3.
1736 2562 1766 2572 ”·

974 2612 1025 2646 19.
1046 2613 1130 2642 nox,
1148 2584 1219 2635 th'at
1235 2603 1274 2635 of
1292 2604 1348 2635 the
1362 2604 1513 2646 banquet,
1530 2614 1557 2636 c.
1575 2612 1625 2645 55,
1644 2614 1673 2644 3.

1455 2175 1676 2217 ’analogous

974 2655 1024 2679 20.
1049 2656 1143 2683 quae
1166 2649 1302 2678 secuta.
1337 2646 1418 2678 This
1432 2647 1562 2688 glauces
1576 2652 1610 2679 at
1626 2647 1678 2678 his
1741 2650 1768 2686 g

928 2688 1021 2721 share
1036 2689 1070 2720 in
1084 2688 1268 2725 hostilities,
1283 2691 1348 2721 as‘
1357 2699 1512 2721 consensu
1527 2690 1632 2731 gentis
1643 2689 1676 2722 in
1734 2700 1766 2732 '²2'

929 2732 1052 2764 bellum
1069 2731 1207 2763 tractus’
1223 2733 1265 2772 (c.
1282 2740 1333 2772 55,
1349 2732 1395 2773 4).

975 2783 1023 2805 22.
1034 2777 1092 2806 tui
1100 2776 1238 2811 eopia,‘
1250 2784 1357 2807 access
1370 2779 1405 2807 to
1417 2785 1498 2817 you.
1511 2773 1597 2807 ’so‘
1607 2775 1675 2807 eius

928 2817 1026 2859 copia
1036 2815 1165 2850 ’.Plaut
1177 2817 1266 2849 Trin.
1281 2826 1309 2856 3.
1331 2827 1359 2853 2,
1371 2826 1433 2859 453
1457 2818 1530 2850 Ter.
1542 2817 1673 2850 Phorm.

930 2869 958 2892 1.
981 2870 1036 2935 ὦ,
1038 2858 1099 2901 63:
1131 2870 1222 2893 more
1246 2860 1383 2903 usually,
1408 2860 1530 2893 with‘
1539 2870 1673 2893 conven-

928 2903 979 2935 ien
