1774 3100
614 472 1170 527 APPENDIX
1239 474 1281 527 I.

669 654 735 686 ON
765 654 896 687 BOOK
918 654 966 694 11,
999 654 1066 688 cc.
1083 657 1147 701 23,
1162 658 1228 697 24.

218 783 308 822 THE
328 781 520 834 following
539 784 727 835 fragment
753 786 798 823 of
822 798 845 823 a
873 792 1163 836 contemporary
1181 792 1344 824 account
1364 786 1410 824 of
1430 785 1492 824 the
1513 786 1668 825 disaster
1687 787 1732 825 of

164 846 414 887 Germanicus
443 850 492 899 by
512 849 616 887 Pedo
636 849 908 895 Albinovanus,
938 850 1125 899 probably
1149 862 1223 888 one
1252 850 1298 888 of
1318 850 1375 888 his
1396 851 1543 889 officers
1570 850 1649 902 (see
1675 863 1727 890 on

168 924 199 950 1.
222 915 282 959 60,
306 911 355 963 2),
375 913 498 952 which
527 914 596 952 has
622 914 722 952 been
745 915 945 964 preserved
973 915 1022 964 by
1042 914 1097 952 M.
1120 915 1266 953 Seneca
1286 914 1409 965 (Suas.
1434 928 1466 952 1.
1491 913 1568 965 14),
1588 916 1619 953 is
1638 915 1727 953 here

164 977 374 1026 subjoined‚
404 990 446 1016 as
476 990 498 1015 a
527 978 720 1027 specimen
748 978 791 1016 of
817 990 924 1017 some
952 979 997 1017 of
1020 979 1083 1017 the
1112 979 1280 1017 material
1302 979 1401 1018 from
1428 979 1551 1018 which
1571 979 1727 1018 Tacitus

91 1075 94 1079 ,
162 1052 251 1091 may
268 1041 363 1079 have
382 1042 458 1080 had
478 1049 517 1081 to
537 1042 637 1081 draw
656 1055 708 1092 up
727 1043 785 1080 his
805 1043 988 1081 narrative
1001 1055 1065 1081 :—

375 1152 459 1189 Iam
486 1152 633 1202 pridem
660 1158 748 1202 post
776 1159 880 1202 terga
908 1152 1009 1190 diem
1037 1152 1234 1202 solemque
1262 1152 1486 1203 relinquunt,

375 1215 459 1253 Iam
488 1217 635 1267 pridem
662 1217 772 1255 notis·
791 1223 960 1255 extorres
988 1217 1126 1254 finibus
1155 1217 1258 1255 orbis

375 1279 448 1318 Per
475 1293 553 1319 non
581 1293 784 1320 concessas
812 1281 975 1319 audaces
1003 1280 1056 1318 ire
1084 1281 1259 1319 tenebras

375 1344 438 1383 Ad
465 1358 590 1384 rerum
618 1353 738 1385 metas
767 1352 1008 1394 extremaque
1035 1335 1144 1384 litora
1171 1346 1332 1394 mundi3

375 1409 490 1448 Nunc
518 1410 622 1448 illurn
649 1411 765 1460 pigris
792 1411 973 1448 immania
999 1416 1169 1448 monstra
1196 1410 1267 1448 sub
1295 1410 1406 1448 undis
1676 1412 1680 1417 “
1708 1426 1725 1458 5

377 1473 455 1520 Qui
482 1474 574 1512 ferat
603 1475 816 1521 Oceanum,
844 1475 908 1524 qui
937 1486 1068 1512 saevas
1095 1474 1262 1524 undique
1291 1475 1416 1524 pristis

375 1538 675 1589 Aequoreosque
704 1551 827 1585 canes,
857 1539 998 1577 ratibus
1027 1551 1257 1588 consurgere
1285 1540 1443 1588 prensis.

379 1603 605 1641 Accumulat
633 1603 760 1652 fragor
786 1603 867 1652 ipse
895 1610 1029 1642 metus.
1085 1603 1171 1641 Iam
1199 1603 1319 1641 sidere
1347 1603 1438 1642 limo

375 1666 538 1716 Navigia
566 1673 603 1704 et
630 1667 762 1717 rapido
791 1668 979 1706 desertam
1008 1668 1161 1705 flamine
1190 1668 1352 1705 classem

378 1731 502 1781 Seque
531 1732 618 1769 feris
646 1731 804 1769 credunt
832 1745 899 1782 per
926 1732 1059 1770 inertia
1086 1732 1162 1770 fata
1189 1733 1341 1770 marinis
1689 1747 1728 1770 ιο
1772 1768 1774 1771 ⁴

376 1796 478 1833 Tam
506 1807 586 1834 non
614 1795 710 1834 felici
739 1796 939 1835 laniandos
968 1802 1068 1834 sorte
1095 1797 1263 1846 relinqui.

375 1860 501 1909 Atque
531 1860 663 1910 aliquis
692 1873 805 1911 prora
833 1873 988 1899 caecum
1017 1861 1187 1899 sublimis
1214 1861 1254 1898 in
1281 1860 1357 1898 alta
1770 1911 1774 1915 ⁴

374 1925 476 1962 Ae‘ra
502 1925 668 1974 pugnaci
695 1925 855 1963 luctatus
883 1937 1058 1974 rumpere
1086 1926 1177 1971 visu,
1767 1929 1774 1979 ξ

374 1988 428 2026 Ut
456 1988 546 2026 nihil
574 1995 705 2038 erepto
733 1989 846 2026 valuit
875 1989 1071 2027 dinoscere
1098 1989 1254 2035 mundo,
1768 2027 1774 2038 Ξ

376 2053 581 2091 Obstructa
607 2053 647 2090 in
676 2053 768 2090 tales
796 2052 954 2091 effundit
981 2059 1136 2102 pectora
1163 2065 1301 2091 voces:
1688 2067 1743 2099 15·

375 2117 466 2163 Quo
495 2117 672 2155 ferimur?
710 2117 804 2165 fugit
830 2117 913 2166 ipse
942 2117 1022 2155 dies
1051 2117 1259 2166 orbemque
1287 2117 1458 2156 relictum
1771 2112 1774 2115 ¹

375 2181 520 2219 Ultima
547 2182 738 2231 perpetuis
767 2181 906 2220 claudit
934 2187 1068 2219 natura
1095 2181 1270 2219 tenebris.
1762 2230 1774 2236 μ

374 2244 488 2282 Anne
517 2246 590 2290 alio
619 2245 762 2294 positas
789 2245 885 2283 ultra
913 2246 983 2282 sub
1011 2245 1163 2283 cardine
1190 2251 1324 2294 gentes
1559 2295 1561 2297 Ι
1745 2246 1774 2300 2²5

374 2309 503 2358 Atque
532 2310 646 2346 aliurn
674 2309 802 2346 flabris
829 2309 1013 2346 intactum
1041 2309 1258 2358 quaerimus
1285 2309 1444 2347 orbem?

373 2372 424 2410 Di
453 2379 629 2410 revocant
656 2385 859 2423 rerumque
888 2377 1013 2411 veta'nt
1041 2384 1276 2421 cognoscere
1304 2373 1421 2411 finem

376 2435 562 2475 Mortales
590 2437 746 2475 oculos:
785 2437 908 2474 aliena
936 2436 1028 2486 quid
1057 2448 1223 2487 aequora
1251 2437 1364 2475 remis

373 2500 423 2539 Et
452 2513 578 2539 sacras
606 2500 790 2539 violamus
819 2512 937 2551 aquas
966 2500 1168 2551 divumque
1197 2501 1342 2551 quietas

375 2566 593 2604 Turbamus
621 2565 758 2604 sedes?
